% %%%%%%%%%%%%%%%%%%%%%%%%%%%%%%%%%%%%%%%%%%%%%%%%%%%%%%
% Diese Datei enthaelt alle Referenzen.
% Die Formatierung erfolgt entsprechend bibtex
% %%%%%%%%%%%%%%%%%%%%%%%%%%%%%%%%%%%%%%%%%%%%%%%%%%%%%%

@ARTICLE{otsu,
  author={Otsu, Nobuyuki},
  journal={IEEE Transactions on Systems, Man, and Cybernetics}, 
  title={A Threshold Selection Method from Gray-Level Histograms}, 
  year={1979},
  volume={9},
  number={1},
  pages={62-66},
  keywords={Histograms;Marine vehicles;Radar tracking;Least squares approximation;Surveillance;Target tracking;Gaussian distribution;Displays;Q measurement;Sea measurements},
  doi={10.1109/TSMC.1979.4310076}}

% Illumination
@ARTICLE{leong2003correction,
  author={Leong, F.J.W.-M. and Brady, M. and O'D McGee, J.},
  journal={Journal of Clinical Pathology},
  title={Correction of uneven illumination (vignetting) in digital microscopy images},
  year={2003},
  volume={56},
  number={8},
  pages={619-621},
  doi={10.1136/jcp.56.8.619}
}


@inproceedings{zou2004statistical,
  title={Statistical validation of image segmentation quality based on a spatial overlap index},
  author={Zou, Kelly H and Warfield, Simon K and Bharatha, Aditya and Tempany, Clare M and Kaus, Michael R and Haker, Steven J and Wells, William M and Jolesz, Ferenc A and Kikinis, Ron},
  booktitle={Medical Imaging 2004: Image Processing},
  volume={5370},
  pages={132--143},
  year={2004},
  organization={SPIE}
}

@article{real1996probabilistic,
  title={Probabilistic measures of overlap in nature},
  author={Real, Leslie A and Vargas, Pablo C},
  journal={Ecology},
  volume={77},
  number={7},
  pages={2018--2025},
  year={1996},
  publisher={Wiley Online Library}
}


%Otsu
@ARTICLE{Otsu1979,
  author={Otsu, Nobuyuki},
  journal={IEEE Transactions on Systems, Man, and Cybernetics}, 
  title={A Threshold Selection Method from Gray-Level Histograms}, 
  year={1979},
  volume={9},
  number={1},
  pages={62-66},
  doi={10.1109/TSMC.1979.4310076}
}

@ARTICLE{Sezgin2004,
  author={Sezgin, M. and Sankur, B.},
  journal={Pattern Recognition}, 
  title={Survey over image thresholding techniques and quantitative performance evaluation}, 
  year={2004},
  volume={36},
  number={4},
  pages={703-724},
  doi={10.1016/j.patcog.2003.10.013}
}

@INPROCEEDINGS{Ronneberger2015,
  author={Ronneberger, Olaf and Fischer, Philipp and Brox, Thomas},
  title={U-Net: Convolutional Networks for Biomedical Image Segmentation},
  booktitle={International Conference on Medical Image Computing and Computer-Assisted Intervention},
  year={2015},
  pages={234-241},
  doi={10.1007/978-3-319-24574-4_28}
}
% Edge detection

@book{Gonzalez2008,
  title={Digital Image Processing},
  author={Gonzalez, Rafael C and Woods, Richard E},
  year={2008},
  publisher={Prentice Hall},
  edition={3rd},
  isbn={9780131687288}
}

@article{Canny1986,
  title={A computational approach to edge detection},
  author={Canny, John},
  journal={IEEE Transactions on Pattern Analysis and Machine Intelligence},
  volume={PAMI-8},
  number={6},
  pages={679--698},
  year={1986},
  doi={10.1109/TPAMI.1986.4767851},
  publisher={IEEE}
}

@article{Marr1980,
  title={Theory of edge detection},
  author={Marr, David and Hildreth, Ellen},
  journal={Proceedings of the Royal Society of London. Series B. Biological Sciences},
  volume={207},
  number={1167},
  pages={187--217},
  year={1980},
  doi={10.1098/rspb.1980.0020},
  publisher={The Royal Society}
}

% Canny

@article{canny1986computational,
  title={A computational approach to edge detection},
  author={Canny, John},
  journal={IEEE Transactions on pattern analysis and machine intelligence},
  volume={8},
  number={6},
  pages={679--698},
  year={1986},
  publisher={IEEE}
}

@book{gonzalez2002digital,
  title={Digital image processing},
  author={Gonzalez, Rafael C and Woods, Richard E},
  year={2002},
  publisher={Prentice Hall}
}
%
%   article{lindeberg1998edge,
%  title={Edge detection and ridge detection with automatic scale selection},
%  author={Lindeberg, Tony},
%  journal={International Journal of Computer Vision},
%  volume={30},
%  number={2},
%  pages={77--116},
%  year={1998},
%  publisher={Springer}
%}

% conclusion

@article{Ronneberger2015Bio,
  title={U-Net: Convolutional Networks for Biomedical Image Segmentation},
  author={Ronneberger, Olaf and Fischer, Philipp and Brox, Thomas},
  journal={Proceedings of the International Conference on Medical Image Computing and Computer-Assisted Intervention (MICCAI)},
  pages={234--241},
  year={2015},
  publisher={Springer}
}

@article{Esteva2017,
  title={Dermatologist-level classification of skin cancer with deep neural networks},
  author={Esteva, Andre and Kuprel, Brett and Novoa, Roberto A and Ko, Justin and Swetter, Susan M and Blau, Helen M and Thrun, Sebastian},
  journal={Nature},
  volume={542},
  number={7639},
  pages={115--118},
  year={2017},
  publisher={Nature Publishing Group}
}

